@inproceedings{566188,
 author = {Boris Vaysburg and Luay H. Tahat and Bogdan Korel},
 title = {Dependence analysis in reduction of requirement based test suites},
 booktitle = {ISSTA '02: Proceedings of the 2002 ACM SIGSOFT international symposium on Software testing and analysis},
 year = {2002},
 isbn = {1-58113-562-9},
 pages = {107--111},
 location = {Roma, Italy},
 doi = {http://doi.acm.org/10.1145/566172.566188},
 publisher = {ACM Press},
 address = {New York, NY, USA},
 }

@MISC{TESFATSION:website,
  author =       {Leigh Tesfatsion},
  title =        {Agent Based Computational Economics},
  year =         {2007},
  month =        {July},
  note =         {$<$Online: \url{http://www.econ.iastate.edu/tesfatsi/ace.htm}$>$},
}

@TECHREPORT{HOLCOMBE:1986,
  AUTHOR =       {Mike Holcombe},
  TITLE =        {Towards a formal description of intracellular biochemical organisation},
  INSTITUTION =  {Dept of Computer Science, University of Sheffield},
  YEAR =         {1986},
  number =       {CS-86-1},
  address =      {Sheffield, UK},
}

@BOOKLET{EILENBERG:xmachines,
  TITLE =        {Automata, Languages and machines},
  author =       {Samuel Eilenberg},
  howpublished = {Vol. A. Academic Press},
  address =      {London},
  year =         {1974},
}

@PHDTHESIS{LAYCOCK:streamxm,
  AUTHOR =       {Gilbert Laycock},
  TITLE =        {The Theory and Practice of Specification Based Software Testing},
  SCHOOL =       {Dept of Computer Science, University of Sheffield},
  YEAR =         {1993},
  address =      {Sheffield, UK},
}

@PHDTHESIS{COAKLEY:thesis,
  AUTHOR =       {Simon Coakley},
  TITLE =        {Formal Software Architecture for Agent-Based Modelling in Biology},
  SCHOOL =       {Department of Computer Science, University of Sheffield},
  YEAR =         {2007},
  address =      {Sheffield, UK},
}

@ARTICLE{BALANESCU:1999,
  author = {Balanescu, T and Cowling, AJ and Georgescu, M and Holcombe, M and Vertan, C},
  title = {Communicating Stream {X}-Machines are no more than {X}-Machines},
  journal = {Journal of Universal Computer Science},
  year = {1999},
  volume = {5},
  pages = {494-507},
  number = {9},
  month = {September},
}

@ARTICLE{BARNARD:1996,
  author = {Barnard, J and Whitworth, J and Woodward, M},
  title = {Communicating X-machines},
  journal = {Information and Software Technology},
  year = {1996},
  month = {June},
  volume = {38},
  number = {6},
  pages = {401-407},
}

@TECHREPORT{HPCX:2003,
  AUTHOR =       "Adrian Jackson",
  TITLE =        "Single Sided Communication on HPCx",
  INSTITUTION =  "University of Edinburgh",
  YEAR =         "2003",
  type =         "Technical Report",
  number =       "HPCxTR0305",
  month =        "October",
  source =       "URL: \url{http://www.hpcx.ac.uk/research/hpc/technical_reports/HPCxTR0305.pdf}",
}

@ARTICLE{CHOW:1978,
  author = {Chow, TS},
  title = {Testing Software Design Modeled by Finite-State Machines},
  journal = {IEEE Transactions on Software Engineering},
  year = {1978},
  month = {March},
  volume = {SE-4},
  number = {3},
  pages = {178-187},
}

@ARTICLE{DAIKON:2007,
  author = {Ernst, MD and Perkins, JH and Guo, PJ and McCamant, S and Pacheco, C and Tschantz, MS and Xiao, C},
  title = {The {D}aikon system for dynamic detection of likely invariants},
  journal = {Science of Computer Programming},
  year = {2007},
  month = {December},
  volume = {69},
  number = {1-3},
  pages = {35-45},
}

@ARTICLE{WALKINSHAW:2007,
  author = {Walkinshaw, N and Bogdanov, K and Holcombe, M and Salahuddin, S},
  title = {Reverse Engineering State Machines by Interactive Grammar Inference},
  journal = {14th IEEE Working Conference on Reverse Engineering (WCRE'07), Vancouver, Canada},
  year = {2007},
  month = {October},
}

@ARTICLE{WALKINSHAW:2008,
  author = {Walkinshaw, N and Bogdanov, K},
  title = {Inferring Finite-State Models with Temporal Constraints},
  journal = {23rd IEEE/ACM International Conference on Automated Software Engineering (ASE'08), L'Aquila, Italy},
  year = {2008},
}
