@Unpublished{Greenough2007,
  author =       {C. Greenough},
  title =        {EURACE - European agent-based computational economics using FLAME},
  year = {2007},
  note =         {},
  url =      {http://www.cse.scitech.ac.uk/about_us/Frontiers2007/Greenough - EURACE - CSE Frontiers 2007.pdf},
  OPTannote =    {}
}

@MISC{HOLCOMBE:2006,
  author =       "Mike Holcombe and Simon Coakley and Rod Smallwood",
  title =        "A General Framework for Agent-based Modelling of Complex Systems",
  howpublished = "EURACE Working paper WP1.1, Department of Computer Science, University of Sheffield",
  year =         "2006",
  month =        "October",
  note =         "",
  abstract =     "Describes the X-machine framework.",
  keywords =     "",
  source =       "",
  file = F
}

@Manual{Rproject,
    title = {R: A Language and Environment for Statistical Computing},
    author = {{R Development Core Team}},
    organization = {R Foundation for Statistical Computing},
    address = {Vienna, Austria},
    year = {2008},
    note = {{ISBN} 3-900051-07-0},
    url = {http://www.R-project.org}
}
