
@ARTICLE{Evstigneev:2002,
  AUTHOR =       "Igor V. Evstigneev and Klaus Reiner Schenk-Hopp\'{e}",
  TITLE =        "From Rags to Riches: On Constant Proportions Investment Strategies",
  JOURNAL =      "International Journal of Theoretical and Applied Finance",
  YEAR =         "2002",
  volume =       "5",
  pages =        "563 -- 574",
  file = F
}

@ARTICLE{Evstigneev:2006,
  AUTHOR =       "Igor V. Evstigneev and Thorsten Hens and Klaus Reiner Schenk-Hopp\'{e}",
  TITLE =        "Evolutionary stable stock markets",
  JOURNAL =      "Economic Theory",
  YEAR =         "2006",
  volume =       "27",
  pages =        "449 -– 468",
  file = F
}

@MISC{Macedo-e-Silva:2008,
  author =       "A.C. {Macedo e Silva} and C. H. {Dos Santos}",
  title =        "The {Keynesian} Roots of Stock-flow Consistent Macroeconomic Models",
  howpublished = "Levy Institute of Economics of Bard College, Working Paper no. 537",
  year =         "2008",
  month =        "",
  note =         "{online:} \url{http://www.levy.org/pub/wp_537.pdf}",
  abstract =     "",
  keywords =     "",
  source =       "",
  file = F
}

@BOOK{Turnovsky:1977,
  AUTHOR =       "Steven J. Turnovsky",
  TITLE =        "Macroeconomic analysis and stabilization policy",
  PUBLISHER =    "Cambridge University Press",
  YEAR =         "1977",
  address =      "Cambridge",
  file = F
} 